@article{Dreiner_2010,
   title={Two-component spinor techniques and Feynman rules for quantum field theory and supersymmetry},
   volume={494},
   ISSN={0370-1573},
   url={http://dx.doi.org/10.1016/j.physrep.2010.05.002},
   DOI={10.1016/j.physrep.2010.05.002},
   number={1-2},
   journal={Physics Reports},
   publisher={Elsevier BV},
   author={Dreiner, Herbi K. and Haber, Howard E. and Martin, Stephen P.},
   year={2010},
   month={Sep},
   pages={1â€“196}
}

@misc{wikiSSB,
url={https://en.wikipedia.org/wiki/Spontaneous_symmetry_breaking},
title={Spontaneous symmetry breaking},
}

